% Generated by Paperpile. Check out http://paperpile.com for more information.
% BibTeX export options can be customized via Settings -> BibTeX.

@ARTICLE{Erevelles2016-oa,
  title     = "Big Data consumer analytics and the transformation of marketing",
  author    = "Erevelles, Sunil and Fukawa, Nobuyuki and Swayne, Linda",
  journal   = "J. Bus. Res.",
  publisher = "Elsevier Inc.",
  volume    =  69,
  number    =  2,
  pages     = "897--904",
  year      =  2016,
  url       = "http://dx.doi.org/10.1016/j.jbusres.2015.07.001",
  keywords  = "Big Data; Consumer analytics; Consumer insights; Ignorance;
               Induction; Resource-based theory",
  issn      = "0148-2963",
  pmid      = "15403066",
  arxivid   = "1011.1669v3",
  doi       = "10.1016/j.jbusres.2015.07.001"
}

@ARTICLE{Kozlenkova2014-yc,
  title   = "Resource-based theory in marketing",
  author  = "Kozlenkova, Irina V and Samaha, Stephen A and Palmatier, Robert W",
  journal = "J. of the Acad. Mark. Sci.",
  volume  =  42,
  number  =  1,
  pages   = "1--21",
  month   =  jan,
  year    =  2014,
  url     = "http://link.springer.com/10.1007/s11747-013-0336-7",
  issn    = "0092-0703, 1552-7824",
  doi     = "10.1007/s11747-013-0336-7"
}

@ARTICLE{Tsai2010-xf,
  title   = "Variable selection by association rules for customer churn
             prediction of multimedia on demand",
  author  = "Tsai, Chih-Fong and Chen, Mao-Yuan",
  journal = "Expert Syst. Appl.",
  volume  =  37,
  number  =  3,
  pages   = "2006--2015",
  year    =  2010,
  url     = "http://dx.doi.org/10.1016/j.eswa.2009.06.076",
  issn    = "0957-4174",
  doi     = "10.1016/j.eswa.2009.06.076"
}

@MISC{Kennedy2011-dt,
  title        = "Amount of data in 2011 equal to 57.5bn {32GB} Apple iPads -
                  Enterprise | siliconrepublic.com - Ireland's Technology News
                  Service",
  booktitle    = "Silicon Republic",
  author       = "Kennedy, by John",
  month        =  jun,
  year         =  2011,
  url          = "https://www.siliconrepublic.com/enterprise/amount-of-data-in-2011-equal-to-57-5bn-32gb-apple-ipads",
  howpublished = "\url{https://www.siliconrepublic.com/enterprise/amount-of-data-in-2011-equal-to-57-5bn-32gb-apple-ipads}",
  note         = "Accessed: 2017-11-13"
}

@MISC{Idc2014-ey,
  title        = "The digital universe of opportunities: Rich data \& the
                  increasing value of the internet of things. {EMC2}",
  author       = "{IDC}",
  year         =  2014,
  url          = "https://www.emc.com/collateral/analyst-reports/idc-digital-universe-2014.pdf",
  howpublished = "\url{https://www.emc.com/collateral/analyst-reports/idc-digital-universe-2014.pdf}",
  note         = "Accessed: 2017-11-13"
}

@MISC{Satell2014-mg,
  title        = "5 Things Managers Should Know About The Big Data Economy",
  booktitle    = "Forbes",
  author       = "Satell, Greg",
  publisher    = "Forbes",
  month        =  jan,
  year         =  2014,
  url          = "https://www.forbes.com/sites/gregsatell/2014/01/26/5-things-managers-should-know-about-the-big-data-economy/",
  howpublished = "\url{https://www.forbes.com/sites/gregsatell/2014/01/26/5-things-managers-should-know-about-the-big-data-economy/}",
  note         = "Accessed: 2017-11-15"
}

@ARTICLE{Specht1990-nr,
  title    = "Probabilistic neural networks",
  author   = "Specht, Donald F",
  journal  = "Neural Netw.",
  volume   =  3,
  number   =  1,
  pages    = "109--118",
  month    =  jan,
  year     =  1990,
  url      = "http://www.sciencedirect.com/science/article/pii/089360809090049Q",
  keywords = "Neural network; Probability density function; Parallel processor;
              ``Neuron''; Pattern recognition; Parzen window; Bayes strategy;
              Associative memory",
  issn     = "0893-6080",
  doi      = "10.1016/0893-6080(90)90049-Q"
}

@MISC{Sciencing2017-qw,
  title        = "The Disadvantages of Linear Regression",
  booktitle    = "Sciencing",
  author       = "{Sciencing}",
  year         =  2017,
  url          = "http://sciencing.com/disadvantages-linear-regression-8562780.html",
  howpublished = "\url{http://sciencing.com/disadvantages-linear-regression-8562780.html}",
  note         = "Accessed: 2018-1-13"
}

@ARTICLE{Raorane2011-xu,
  title         = "Data Mining Techniques: A Source for Consumer Behavior
                   Analysis",
  author        = "Raorane, Abhijit and Kulkarni, R V",
  month         =  sep,
  year          =  2011,
  url           = "http://arxiv.org/abs/1109.1202",
  archivePrefix = "arXiv",
  eprint        = "1109.1202",
  primaryClass  = "cs.DB",
  arxivid       = "1109.1202"
}

@MISC{Dutta2018-db,
  title        = "Market Segmentation - Definition, Basis, Types \& Examples |
                  Feedough",
  booktitle    = "Feedough",
  author       = "Dutta, Arieez",
  month        =  feb,
  year         =  2018,
  url          = "https://www.feedough.com/market-segmentation-definition-basis-types-examples/",
  howpublished = "\url{https://www.feedough.com/market-segmentation-definition-basis-types-examples/}",
  note         = "Accessed: 2018-4-16"
}

@MISC{Idc2014-ey,
  title        = "The digital universe of opportunities: Rich data \& the
                  increasing value of the internet of things. {EMC2}",
  author       = "{IDC}",
  year         =  2014,
  url          = "https://www.emc.com/collateral/analyst-reports/idc-digital-universe-2014.pdf",
  howpublished = "\url{https://www.emc.com/collateral/analyst-reports/idc-digital-universe-2014.pdf}",
  note         = "Accessed: 2017-11-13"
}

@ARTICLE{Pedregosa2011-ac,
  title    = "Scikit-learn: Machine Learning in {P}ython",
  author   = "Pedregosa, Fabian and Varoquaux, Ga{\"e}l and Gramfort, Alexandre
              and Michel, Vincent and Thirion, Bertrand and Grisel, Olivier and
              Blondel, Mathieu and Prettenhofer, Peter and Weiss, Ron and
              Dubourg, Vincent and Vanderplas, Jake and Passos, Alexandre and
              Cournapeau, David and Brucher, Matthieu and Perrot, Matthieu and
              Duchesnay, {\'E}douard",
  journal  = "J. Mach. Learn. Res.",
  volume   =  12,
  number   = "Oct",
  pages    = "2825--2830",
  year     =  2011,
  url      = "http://www.jmlr.org/papers/volume12/pedregosa11a/pedregosa11a.pdf",
  keywords = "AI",
  issn     = "1532-4435"
}

@INPROCEEDINGS{MacQueen1967-ja,
  title       = "Some methods for classification and analysis of multivariate
                 observations",
  booktitle   = "Proceedings of the fifth Berkeley symposium on mathematical
                 statistics and probability",
  author      = "MacQueen, James and {Others}",
  volume      =  1,
  pages       = "281--297",
  institution = "Oakland, CA, USA",
  year        =  1967,
  url         = "https://books.google.com/books?hl=en&lr=&id=IC4Ku_7dBFUC&oi=fnd&pg=PA281&dq=MacQueen+1967&ots=nOUeK1JfrK&sig=g1UPl5pyEN7yB5Ofen1VT1zOEzc"
}

@MISC{Ray2017-ty,
  title        = "Understanding Support Vector Machine algorithm from examples
                  (along with code)",
  booktitle    = "Analytics Vidhya",
  author       = "Ray, Sunil and Kaur, Pavleen and Choudhary, Ankit and Shaikh,
                  Faizan and {NSS}",
  month        =  sep,
  year         =  2017,
  url          = "https://www.analyticsvidhya.com/blog/2015/10/understaing-support-vector-machine-example-code",
  howpublished = "\url{https://www.analyticsvidhya.com/blog/2015/10/understaing-support-vector-machine-example-code}",
  note         = "Accessed: 2018-1-13"
}

@ARTICLE{Hsieh2009-rc,
  title     = "Enhancing consumer behavior analysis by data mining techniques",
  author    = "Hsieh, N C and Chu, K C",
  journal   = "Int. J. Inf. Manage. Sci.",
  publisher = "Citeseer",
  year      =  2009,
  url       = "http://citeseerx.ist.psu.edu/viewdoc/download?doi=10.1.1.579.9503&rep=rep1&type=pdf",
  keywords  = "FYP"
}

@ARTICLE{Kim2004-fx,
  title   = "The effects of customer satisfaction and switching barrier on
             customer loyalty in Korean mobile telecommunication services",
  author  = "Kim, Moon-Koo and Park, Myeong-Cheol and Jeong, Dong-Heon",
  journal = "Telecomm. Policy",
  volume  =  28,
  number  =  2,
  pages   = "145--159",
  year    =  2004,
  url     = "http://dx.doi.org/10.1016/j.telpol.2003.12.003",
  issn    = "0308-5961",
  doi     = "10.1016/j.telpol.2003.12.003"
}

@ARTICLE{Sen2016-mw,
  title    = "An Overview of Big Data for Growth in {SMEs}",
  author   = "Sen, Doruk and Ozturk, Melike and Vayvay, Ozalp",
  journal  = "Procedia - Social and Behavioral Sciences",
  year     =  2016,
  url      = "http://dx.doi.org/10.1016/j.sbspro.2016.11.011",
  keywords = "FYP",
  issn     = "1877-0428",
  doi      = "10.1016/j.sbspro.2016.11.011"
}

@ARTICLE{Xu2016-hp,
  title    = "Effects of big data analytics and traditional marketing analytics
              on new product success: A knowledge fusion perspective",
  author   = "Xu, Zhenning and Frankwick, Gary L and Ramirez, Edward",
  journal  = "J. Bus. Res.",
  year     =  2016,
  url      = "http://dx.doi.org/10.1016/j.jbusres.2015.10.017",
  keywords = "Big data analytics; Complexity; Knowledge fusion; NPD; NPS;
              Traditional marketing analytics;FYP",
  issn     = "0148-2963",
  pmid     = "15403066",
  arxivid  = "1011.1669v3",
  doi      = "10.1016/j.jbusres.2015.10.017"
}

@MISC{Satell2014-mg,
  title        = "5 Things Managers Should Know About The Big Data Economy",
  booktitle    = "Forbes",
  author       = "Satell, Greg",
  publisher    = "Forbes",
  month        =  jan,
  year         =  2014,
  url          = "https://www.forbes.com/sites/gregsatell/2014/01/26/5-things-managers-should-know-about-the-big-data-economy/",
  howpublished = "\url{https://www.forbes.com/sites/gregsatell/2014/01/26/5-things-managers-should-know-about-the-big-data-economy/}",
  note         = "Accessed: 2017-11-15"
}
